3117 5067
476 443 552 512 „s
686 401 1206 517 tosueuusr

219 623 411 696 Ξ
430 614 644 712 anhelare,
668 609 706 685 sc
735 608 969 702 Rsilcocziuc
992 622 1194 706 preterea
1219 609 1479 712 Miskoleztni'

134 798 138 804 .
272 733 378 823 ¹7⁰⁶·
429 743 669 810 conventum
701 730 903 828 privatum
936 749 1026 802 cum
1053 725 1127 800 suis
1157 725 1342 820 haberet,
1362 716 1457 804 Ber·

424 845 588 926 crinitis
623 870 722 924 vero
760 846 916 922 vicinos
961 841 1127 920 Austriae
1169 847 1398 924 Comitatus
1421 853 1456 930 iu

429 965 594 1042 soederis
614 967 844 1042 societatem
867 963 1058 1064 pellicere
1075 970 1317 1062 'concretum
1339 965 1469 1044 Coms¹

430 1086 592 1162 miliarii
611 1100 748 1160 tamen
770 1108 861 1161 cum
874 1084 1053 1185 Stepneo
1076 1087 1174 1162 nihil
1195 1085 1455 1189 pro'ptereas

429 1215 565 1306 coepto
597 1201 803 1295 remisere,
847 1223 1017 1300 cumque
1052 1201 1270 1282 loedermos
1302 1209 1345 1280 in
1379 1212 1456 1307 jure

429 1322 683 1400 successionis
700 1326 947 1420 [plurimum
992 1323 1220 1420 adhaerere,
1262 1326 1457 1422 idque'ir

321 1512 325 1517 .
430 1465 522 1518 cam
548 1459 704 1543 partem
731 1435 999 1542 detoiquere,
1022 1433 1281 1542 ‘aliorumque
1310 1424 1469 1518 animis¹

430 1565 482 1639 de
510 1559 699 1640 industria
740 1545 925 1664 ingerere
955 1555 1234 1654 observarent,
1273 1560 1384 1660 quali
1410 1585 1454 1637 eo

430 1682 593 1758 nomine
632 1681 866 1788 arbitrarius
888 1679 942 1757 'in
979 1696 1107 1758 totam
1141 1681 1388 1772 Notionem,
1423 1680 1457 1756 dt

433 1803 634 1881 absolutus
673 1807 903 1881 dominatus
945 1805 1211 1906 intelligatur,
1269 1813 1457 1876 auctores

432 1924 579 2002 Caesari
617 1938 754 2014 erant,
795 1939 835 1999 ut
873 1938 1047 1999 mentem
1096 1923 1205 2000 suam
1247 1945 1297 1995 ea
1329 1919 1383 1994 de
1416 1941 1454 1992 re

433 2043 640 2130 declarare
661 2045 795 2120 vellet.
824 2043 958 2136 Fecit,
979 2041 1178 2144 editisque
1200 2039 1296 2116 XX.
1316 2037 1458 2117 Ianua·

431 2164 482 2236 rii
503 2164 670 2261 litteris,
700 2177 789 2260 quae
815 2162 1022 2239 foederatis
1045 2164 1456 2256 communicarentur,

426 2279 570 2378 ‘palam
595 2267 924 2383 protestatue'eli,
949 2287 1032 2381 jure
1058 2281 1328 2378 successionis,
1353 2279 1479 2380 quod!

368 2450 373 2457 -
423 2399 589 2506 Domui
607 2400 822 2478 Aullriecae
849 2408 930 2498 iam
952 2406 1049 2480 olim
1075 2408 1204 2504 pactis
1235 2383 1456 2492 conventis,

433 2519 473 2595 ἃ
493 2519 650 2621 vetustis
668 2526 781 2626 regni
802 2519 1141 2600 constitutionibus
1158 2519 1365 2607 assertum,
1393 2545 1456 2596 nu·

433 2663 509 2740 per
524 2657 658 2716 autern
676 2648 718 2718 in
732 2641 925 2720 Comitiis
944 2641 1238 2722 Posonienlrbus
1261 2645 1302 2716 in
1318 2629 1455 2714 clario

432 2783 519 2834 rem
536 2743 710 2838 sormam
728 2744 780 2839 eb
800 2763 889 2864 iplle
911 2766 1021 2866 regni
1039 2759 1258 2837 Ordinibus
1271 2758 1455 2836 ¹unanimi
1476 2825 1477 2828 ,

433 2878 614 2956 consensu
634 2883 841 2958 redactum
867 2880 979 2982 elset,
1015 2883 1053 2956 se
1081 2902 1332 2980 nequaquam
1350 2875 1456 2952 'erbi-

432 3001 595 3074 trarium
609 3055 631 3089 ,-
648 3002 716 3076 vel
736 2983 960 3080 absolutum
989 3001 1208 3077 dominium
1227 2994 1296 3072 fibi
1321 2995 1456 3084 vendi-

432 3135 526 3189 care
558 3117 688 3217 velle,
718 3118 783 3198 led
820 3121 928 3219 quod
960 3139 1011 3194 ex
1040 3119 1171 3223 legum
1205 3107 1458 3218 praescrip'to,

418 3234 470 3318 ,dr
500 3253 637 3310 mutua
671 3241 775 3314 inter
805 3263 947 3342 reges,
975 3238 1014 3314 &
1044 3230 1453 3334 Steti-restipulatione

430 3352 622 3428 hactenus
649 3345 917 3450 constitutum,
943 3379 992 3429 ac
1022 3355 1144 3428 totius
1170 3351 1365 3426 Nationis
1389 3373 1453 3423 vo·

429 3468 603 3556 luntate,
631 3468 794 3570 ipsoque
827 3471 889 3546 usu
919 3461 1119 3546 firmatum
1153 3467 1263 3562 esset,
1303 3464 1344 3543 dr
1370 3458 1451 3567 'ipse

428 3591 740 3690 inaugurationis
782 3592 847 3666 die
873 3589 1118 3689 servaturum
1146 3588 1184 3664 se
1213 3590 1301 3683 jure
1329 3587 1455 3691 juren-

340 3750 343 3757 ·
429 3707 482 3780 do
517 3691 763 3805 promiserat.
794 3703 991 3803 Quare,
1014 3699 1119 3782 ⁴cum
1157 3704 1272 3780 nulle*
1294 3704 1348 3778 de
1385 3701 1453 3776 side

274 3824 277 3830 ’
401 3825 495 3898 lim
522 3821 730 3898 dubitandi
760 3825 855 3925 julla
885 3827 1000 3900 causa
1029 3823 1198 3920 adesset,
1222 3822 1396 3916 monuit,
1419 3831 1453 3892 ut

306 4014 311 4025 ,
429 3965 563 4034 arma,
598 3969 685 4042 quae
713 3943 791 4017 hoc
829 3935 1036 4046 praecip'ue
1074 3935 1193 4020 titulo
1219 3943 1259 4018 se'
1298 3935 1452 4017 sutnsrll'c

426 4057 667 4152 faterentur,
690 4065 851 4142 taudem
871 4062 1094 4168 ponerent,
1121 4062 1360 4142 &Patriam
1391 4051 1471 4133 deff

604 4201 609 4207 ·
788 4205 793 4216 ¹
1308 4178 1406 4254 line-
